% Bibliographical database on RDF Mining
% Maintained by Andrea G. B. Tettamanzi

@inproceedings{Agrawal1993,
  author    = {R. Agrawal and T. Imielinski and A.~N. Swami},
  title     = {Mining Association Rules between Sets of Items in Large Databases},
  booktitle = {Proc. of the Int. Conf. on Management of Data},
  publisher = {ACM Press},
  year      = 1993,
  pages     = {207--216},
  doi       = {10.1145/170035.170072},
}

@article{AgrestiCoull1998,
  author = {Alan Agresti and Brent A. Coull},
  title = {Approximate is Better than ``Exact'' for Interval Estimation of Binomial Proportions},
  journal = {The American Statistician},
  volume = 52,
  number = 2,
  month = {May},
  year = 1998,
  doi = {10.1080/00031305.1998.10480550},
}

@phdthesis{dAmato2007,
  author = {Claudia d'Amato},
  title = {Similarity-based Learning Methods for the Semantic Web},
  school = {Universit\`a degli Studi di Bari},
  year = 2007,
}

@article{dAmatoFanizziEsposito2010swj,
  author = {Claudia d'Amato and Nicola Fanizzi and Floriana Esposito},
  title = {Inductive learning for the Semantic Web: What does it buy?},
  journal = {Semantic Web},
  volume = 1,
  number = {1--2},
  year = 2010,
  pages = {53--59},
  doi = {10.3233/SW-2010-0007},
}

@inproceedings{dAquinKronbergerSuarezFigueroa2012,
  author    = {Mathieu d'Aquin and
               Gabriel Kronberger and
               Mar\'{\i}a del Carmen Su{\'a}rez-Figueroa},
  title     = {Combining Data Mining and Ontology Engineering to Enrich
               Ontologies and Linked Data},
  editor    = {Johanna V{\"o}lker and
               Heiko Paulheim and
               Jens Lehmann and
               Mathias Niepert},
  booktitle = {Proceedings of the First International Workshop on Knowledge
               Discovery and Data Mining Meets Linked Open Data (KNOW@LOD),
               Heraklion, Greece, May 27, 2012},
  conf = {KNOW@LOD 2012},
  publisher = {CEUR-WS.org},
  series    = {CEUR Workshop Proceedings},
  volume    = {868},
  year      = 2012,
  pages     = {19--24},
  ee        = {http://ceur-ws.org/Vol-868/paper3.pdf},
}

@inproceedings{AtreSrinivasanHendler2008,
  author    = {Medha Atre and
               Jagannathan Srinivasan and
               James A. Hendler},
  editor    = {Christian Bizer and
               Anupam Joshi},
  title     = {{BitMat}: {A} Main-memory Bit Matrix of {RDF} Triples for Conjunctive
               Triple Pattern Queries},
  booktitle = {Proceedings of the Poster and Demonstration Session at the 7th International
               Semantic Web Conference (ISWC2008), Karlsruhe, Germany, October 28,
               2008},
  series    = {{CEUR} Workshop Proceedings},
  volume    = 401,
  publisher = {CEUR-WS.org},
  year      = 2008,
}

@article{AuerLehmann2010swj,
  author = {S\"oren Auer and Jens Lehmann},
  title = {Creating knowledge out of interlinked data},
  journal = {Semantic Web},
  volume = 1,
  number = {1--2},
  year = 2010,
  pages = {97--104},
  doi = {10.3233/SW-2010-0019},
}

@inproceedings{BaaderGanterSertkayaSattler2007,
  author    = {Franz Baader and
               Bernhard Ganter and
               Baris Sertkaya and
               Ulrike Sattler},
  editor    = {Manuela M. Veloso},
  title     = {Completing Description Logic Knowledge Bases Using Formal Concept
               Analysis},
  booktitle = {{IJCAI} 2007, Proceedings of the 20th International Joint Conference
               on Artificial Intelligence, Hyderabad, India, January 6-12, 2007},
  pages     = {230--235},
  year      = 2007,
}

@inproceedings{BatoucheNaudetGuinand2010,
  author = {B. Batouche and Y. Naudet and F. Guinand},
  title = {Semantic Web Services Composition Optimized by Multi-objective Evolutionary Algorithms},
  booktitle = {Internet and Web Applications and Services (ICIW), 2010 Fifth International Conference on},
  conf = {ICIW 2010},
  year = 2010,
  pages = {180--185},
}

@article{Bradie1986,
  author = {Michael Bradie},
  title = {Assessing Evolutionary Epistemology},
  journal = {Biology \& Philosophy},
  volume = 1,
  pages = {401--459},
  year = 1986,
}

@InCollection{BradieHarms2012,
	author       =	{Michael Bradie and William Harms},
	title        =	{Evolutionary Epistemology},
	booktitle    =	{The Stanford Encyclopedia of Philosophy},
	editor       =	{Edward N. Zalta},
	howpublished =	{\url{http://plato.stanford.edu/archives/win2012/entries/epistemology-evolutionary/}},
	publisher    =	{Stanford University},
	year         =	{2012},
	edition      =	{Winter 2012},
}

@inproceedings{BuehmannLehmann2012,
  author    = {Lorenz B{\"u}hmann and Jens Lehmann},
  title     = {Universal {OWL} Axiom Enrichment for Large Knowledge Bases},
  editor    = {Annette ten Teije and
               Johanna V{\"o}lker and
               Siegfried Handschuh and
               Heiner Stuckenschmidt and
               Mathieu d'Aquin and
               Andriy Nikolov and
               Nathalie Aussenac-Gilles and
               Nathalie Hernandez},
  booktitle = {Knowledge Engineering and Knowledge Management - 18th International
               Conference, EKAW 2012, Galway City, Ireland, October 8-12,
               2012. Proceedings},
  conf = {EKAW 2012},
  publisher = {Springer},
  series    = {Lecture Notes in Computer Science},
  volume    = 7603,
  year      = 2012,
  pages     = {57--71},
  doi       = {10.1007/978-3-642-33876-2_8},
}

@incollection{Campbell1974,
  author = {Donald T. Campbell},
  title = {Evolutionary Epistemology},
  booktitle = {The philosophy of Karl R. Popper},
  editor = {P. A. Schilpp},
  address = {LaSalle, IL},
  publisher = {Open Court},
  pages = {412--463},
  year = 1974,
}

@book{CookHolder2006,
  editor = {Diane J. Cook and Lawrence B. Holder},
  title = {Mining Graph Data},
  publisher = {John Wiley \& Sons},
  address = {Hobboken, NJ, USA},
  year = 2006,
}

@inproceedings{CornetAbuHanna2002,
  author = {Ronald Cornet and Ameen Abu-Hanna},
  title = {Usability of expressive description logics---a case study in {UMLS}},
  editor = {Isaac S. Kohane},
  booktitle = {Proceedings of the AMIA Annual Symposium, November 9--13, 2002,
    Henry B. Gonzalez Convention Center, San Antonio, TX},
  pages = {180--184},
  publisher = {Hanley \& Belfus},
  year = 2002,
}

@InCollection{Crupi2016,
	author       =	{Crupi, Vincenzo},
	title        =	{Confirmation},
	booktitle    =	{The Stanford Encyclopedia of Philosophy},
	editor       =	{Edward N. Zalta},
	howpublished =	{\url{https://plato.stanford.edu/archives/win2016/entries/confirmation/}},
	year         =	2016,
	edition      =	{Winter 2016},
	publisher    =	{Metaphysics Research Lab, Stanford University},
    url = {https://plato.stanford.edu/archives/win2016/entries/confirmation/}, 
}

@article{CruzPalmonariCaimiStroe2013,
  author    = {Isabel F. Cruz and
               Matteo Palmonari and
               Federico Caimi and
               Cosmin Stroe},
  title     = {Building linked ontologies with high precision using subclass
               mapping discovery},
  journal   = {Artificial Intelligence Review},
  volume    = 40,
  number    = 2,
  year      = 2013,
  pages     = {127--145},
}


@inproceedings{DelteilFaronDieng2001,
  author    = {Alexandre Delteil and
               Catherine Faron-Zucker and
               Rose Dieng},
  title     = {Learning Ontologies from {RDF} annotations},
  booktitle = {IJCAI'2001 Workshop on Ontology Learning, Proceedings of
               the Second Workshop on Ontology Learning OL'2001, Seattle,
               USA, August 4, 2001 (Held in conjunction with the 17th International
               Conference on Artificial Intelligence IJCAI'2001)},
  conf = {OL'2001},
  editor    = {Alexander Maedche and
               Steffen Staab and
               Claire Nedellec and
               Eduard H. Hovy},
  publisher = {CEUR-WS.org},
  series    = {CEUR Workshop Proceedings},
  volume    = 38,
  year      = 2001,
}

@phdthesis{Divina2004th,
  author = {Federico Divina},
  title = {Hybrid Genetic Relational Search for Inductive Learning},
  school = {Vrije Universiteit Amsterdam},
  year = 2004,
}

@InProceedings{DivinaMarchiori2001,
  title = {Knowledge Based Evolutionary Programming for Inductive Learning in First-Order Logic},
  author = {Federico Divina and Elena Marchiori},
  pages = 173,
  year = 2001,
  publisher = {Morgan Kaufmann},
  booktitle = {Proceedings of the Genetic and Evolutionary
               Computation Conference (GECCO 2001)},
  conf = {GECCO 2001},
  editor = {Lee Spector and Erik D. Goodman and Annie Wu and 
            W. B. Langdon and Hans-Michael Voigt and Mitsuo Gen and 
            Sandip Sen and Marco Dorigo and Shahram Pezeshk and 
            Max H. Garzon and Edmund Burke},
  address = {San Francisco, California, USA},
}

@inproceedings{DivinaMarchiori2002,
  author    = {Federico Divina and Elena Marchiori},
  title     = {Evolutionary Concept Learning},
  editor    = {William B. {Langdon \emph{et al.}}},
  booktitle = {GECCO 2002: Proceedings of the Genetic and Evolutionary
               Computation Conference, New York, USA, 9-13 July 2002},
  conf = {GECCO 2002},
  publisher = {Morgan Kaufmann},
  year      = 2002,
  pages     = {343--350},
}

@article{DivinaMarchiori2005,
  author    = {Federico Divina and Elena Marchiori},
  title     = {Handling continuous attributes in an evolutionary inductive learner},
  journal   = {IEEE Transactions on Evolutionary Computation},
  volume    = 9,
  number    = 1,
  year      = 2005,
  pages     = {31--43},
}

@book{Divina2010,
  author = {Federico Divina},
  title = {Genetic Relational Search for Inductive Concept Learning: A Memetic Algorithm for {ILP}},
  publisher = {LAP LAMBERT Academic Publishing},
  year = 2010,
}

@book{DLHandbook2003,
  editor = {Franz Baader and Diego Calvanese and Deborah McGuinness and
            Daniele Nardi and Peter Patel-Schneider},
  title = {The Description Logic Handbook:
           Theory, implementation and applications},
  publisher = {Cambridge},
  ISBN = {0521781760},
  year = 2003,
}

@incollection{DoanMadhavanDomingosHalevy2004,
  author = {A. H. Doan and J. Madhavan and P. Domingos and A. Halevy},
  title = {Ontology matching: A machine learning approach},
  booktitle = {Handbook on ontologies},
  publisher = {Springer},
  address = {Berlin},
  series    = {International Handbooks on Information Systems},
  pages = {385--404},
  year = 2004,
  isbn      = {3-540-40834-7},
}

@inproceedings{DrumondRendleSchmiedtThieme2012,
  author    = {Lucas Drumond and
               Steffen Rendle and
               Lars Schmidt-Thieme},
  title     = {Predicting {RDF} triples in incomplete knowledge bases with
               tensor factorization},
  booktitle = {Proceedings of the ACM Symposium on Applied Computing, SAC
               2012, Riva, Trento, Italy, March 26-30, 2012},
  conf = {SAC 2012},
  editor    = {Sascha Ossowski and
               Paola Lecca},
  publisher = {ACM},
  year      = 2012,
  pages     = {326--331},
  isbn      = {978-1-4503-0857-1},
}

@article{dubois1991,
  author = {D.~Dubois and H.~Prade},
  journal = {Fuzzy Sets and Systems},
  number = {1},
  pages = {143--202},
  publisher = {Elsevier},
  title = {Fuzzy Sets and Probability: Misunderstandings, bridges and gaps},
  volume = {40},
  year = 1991,
  doi = {10.1109/FUZZY.1993.327367},
}

@book{EuzenatShvaiko2007,
  author = {J\'er\^ome Euzenat and Pavel Shvaiko},
  title = {Ontology Matching},
  publisher = {Springer},
  address = {Berlin},
  year = 2007,
}

@inproceedings{FanizziDAmatoEsposito2008,
  author    = {Nicola Fanizzi and Claudia d'Amato and Floriana Esposito},
  title     = {{DL-FOIL} Concept Learning in Description Logics},
  editor    = {Filip Zelezn{\'y} and Nada Lavrac},
  booktitle     = {Inductive Logic Programming, 18th International Conference,
               ILP 2008, Prague, Czech Republic, September 10-12, 2008, Proceedings},
  conf = {ILP 2008},
  publisher = {Springer},
  series    = {Lecture Notes in Computer Science},
  volume    = 5194,
  year      = 2008,
  pages     = {107--121},
  doi       = {10.1007/978-3-540-85928-4_12},
}

@techreport{FernandezGomezJuristo1997,
  author = {Mariano Fern\'andez and Asunci\'on G\'omez-P\'erez and Natalia Juristo},
  title = {{METHONTOLOGY}: From Ontological Art Towards Ontological Engineering},
  institution = {AAAI},
  number = {SS-97-06},
  year = 1997,
}

@book{Feyerabend1975,
  author = {Paul Feyerabend},
  title = {Against Method},
  address = {London},
  publisher = {New Left Books},
  year = 1975,
}

@inproceedings{FleischhackerVoelker2011,
  author    = {Daniel Fleischhacker and
               Johanna V{\"{o}}lker},
  editor    = {Robert Meersman and
               Tharam S. Dillon and
               Pilar Herrero and
               Akhil Kumar and
               Manfred Reichert and
               Li Qing and
               Beng Chin Ooi and
               Ernesto Damiani and
               Douglas C. Schmidt and
               Jules White and
               Manfred Hauswirth and
               Pascal Hitzler and
               Mukesh K. Mohania},
  title     = {Inductive Learning of Disjointness Axioms},
  booktitle = {On the Move to Meaningful Internet Systems: {OTM} 2011 - Confederated
               International Conferences: CoopIS, DOA-SVI, and {ODBASE} 2011, Hersonissos,
               Crete, Greece, October 17-21, 2011, Proceedings, Part {II}},
  series    = {Lecture Notes in Computer Science},
  volume    = 7045,
  pages     = {680--697},
  publisher = {Springer},
  year      = 2011,
  doi       = {10.1007/978-3-642-25106-1_20},
}

@inproceedings{FleischhackerVoelkerStuckenschmidt2012,
  author    = {Daniel Fleischhacker and
               Johanna V{\"o}lker and
               Heiner Stuckenschmidt},
  title     = {Mining {RDF} Data for Property Axioms},
  booktitle = {On the Move to Meaningful Internet Systems: OTM 2012, Confederated
               International Conferences: CoopIS, DOA-SVI, and ODBASE 2012,
               Rome, Italy, September 10-14, 2012. Proceedings, Part II},
  conf = {OTM 2012},
  editor    = {Robert Meersman and
               Herv{\'e} Panetto and
               Tharam S. Dillon and
               Stefanie Rinderle-Ma and
               Peter Dadam and
               Xiaofang Zhou and
               Siani Pearson and
               Alois Ferscha and
               Sonia Bergamaschi and
               Isabel F. Cruz},
  publisher = {Springer},
  address = {Berlin},
  series    = {Lecture Notes in Computer Science},
  volume    = 7566,
  year      = 2012,
  pages     = {718--735},
  isbn      = {978-3-642-33614-0, 978-3-642-33615-7},
  doi       = {10.1007/978-3-642-33615-7_18},
}

@inproceedings{GangemiCatenacciCiaramitaLehmann2005,
  author    = {Aldo Gangemi and
               Carola Catenacci and
               Massimiliano Ciaramita and
               Jos Lehmann},
  title     = {A theoretical framework for ontology evaluation and validation},
  editor    = {Paolo Bouquet and Giovanni Tummarello},
  booktitle = {SWAP 2005 - Semantic Web Applications and Perspectives,
               Proceedings of the 2nd Italian Semantic Web Workshop, University
               of Trento, Trento, Italy, 14-16 December 2005},
  conf = {SWAP 2005},
  publisher = {CEUR-WS.org},
  series    = {CEUR Workshop Proceedings},
  volume    = 166,
  year      = 2005,
  pages = {Article No.: 2},
}

@inproceedings{GangemiCatenacciCiaramitaLehmann2006,
  author    = {Aldo Gangemi and Carola Catenacci and Massimiliano Ciaramita and Jos Lehmann},
  title     = {Modelling Ontology Evaluation and Validation},
  editor    = {York Sure and John Domingue},
  booktitle = {The Semantic Web: Research and Applications, 3rd European
               Semantic Web Conference, ESWC 2006, Budva, Montenegro, June
               11-14, 2006, Proceedings},
  conf = {ESWC 2006},
  publisher = {Springer},
  series    = {Lecture Notes in Computer Science},
  volume    = 4011,
  year      = 2006,
  pages     = {140--154},
  doi       = {10.1007/11762256_13},
}

@article{GarciaMolinaRiosCardenosa1991,
  author = {Julio {Garc\'{\i}a del Real} and Rafael Gonzalo Molina and
    Juan {R\'{\i}os Carri\'on} and Jes\'us {Carde\~nosa Lera}},
  title = {A simplified technique for using necessity-possibility measures},
  journal = {International Journal of Approximate Reasoning},
  volume = 5,
  number = 4,
  month = {July},
  year = 1991,
  pages = {399--413},
  doi = {10.1016/0888-613X(91)90019-I},
}

@inproceedings{GrimnesEdwardsPreece2004,
  author    = {Gunnar Aastrand Grimnes and
               Peter Edwards and
               Alun D. Preece},
  title     = {Learning Meta-descriptions of the FOAF Network},
  booktitle = {The Semantic Web - ISWC 2004: Third International Semantic
               Web Conference,Hiroshima, Japan, November 7-11, 2004. Proceedings},
  conf = {ISWC 2004},
  editor    = {Sheila A. McIlraith and
               Dimitris Plexousakis and
               Frank van Harmelen},
  publisher = {Springer},
  address = {Berlin},
  series    = {Lecture Notes in Computer Science},
  volume    = 3298,
  year      = 2004,
  pages     = {152--165},
  isbn      = {3-540-23798-4},
}

@article{HellmannLehmannAuer2009,
  author    = {Sebastian Hellmann and
               Jens Lehmann and
               S{\"o}ren Auer},
  title     = {Learning of {OWL} Class Descriptions on Very Large Knowledge
               Bases},
  journal   = {Int. J. Semantic Web Inf. Syst.},
  volume    = 5,
  number    = 2,
  year      = 2009,
  pages     = {25--48},
  doi       = {10.4018/jswis.2009040102},
}

@article{Hempel1943,
  author = {Carl G. Hempel},
  title = {A Purely Syntactical Definition of Confirmation},
  journal= {The Journal of Symbolic Logic},
  volume = 8,
  number = 4,
  year = 1943,
  month = {December},
}

@article{Hempel1945,
  author = {Carl G. Hempel},
  title = {Studies in the Logic of Confirmation, {I} and {II}},
  journal = {Mind},
  volume = 54,
  number = {213, 214},
  pages = {1--26, 97--121},
  year = 1945,
  doi = {10.1093/mind/LIV.213.1},
}

@inproceedings{HogenboomMileaFrasincarKaymak2008,
  author    = {Alexander Hogenboom and
               Viorel Milea and
               Flavius Frasincar and
               Uzay Kaymak},
  title     = {Genetic Algorithms for {RDF} Query Path Optimization},
  booktitle = {Proceedings of the First International Workshop on Nature
               Inspired Reasoning for the Semantic Web, Karlsruhe, Germany,
               October 27, 2008},
  editor    = {Christophe Gu{\'e}ret and
               Pascal Hitzler and
               Stefan Schlobach},
  publisher = {CEUR-WS.org},
  series    = {CEUR Workshop Proceedings},
  volume    = 419,
  year      = 2008,
}

@inproceedings{HogenboomMileaFrasincarKaymak2009,
  author    = {Alexander Hogenboom and
               Viorel Milea and
               Flavius Frasincar and
               Uzay Kaymak},
  title     = {{RCQ-GA}: {RDF} Chain Query Optimization Using Genetic Algorithms},
  booktitle = {E-Commerce and Web Technologies, 10th International Conference,
               EC-Web 2009, Linz, Austria, September 1-4, 2009. Proceedings},
  conf = {EC-Web 2009},
  editor    = {Tommaso Di Noia and
               Francesco Buccafurri},
  publisher = {Springer},
  address = {Berlin},
  series    = {Lecture Notes in Computer Science},
  volume    = 5692,
  year      = 2009,
  isbn      = {978-3-642-03963-8},
  pages     = {181--192},
}

@inproceedings{HorrocksKutzSattler2006,
  title = {The Even More Irresistible $\mathcal{SROIQ}$},
  author = {Ian Horrocks and Oliver Kutz and Uli Sattler},
  booktitle = {Proc.~of the 10th Int.\ Conf.\ on Principles of Knowledge
    Representation and Reasoning (KR 2006)},
  conf = {KR 2006},
  publisher = {AAAI Press},
  year = 2006,
}

@article{IseleBizer2013,
  author = {Robert Isele and Christian Bizer},
  title = {Active Learning of Expressive Linkage Rules using Genetic Programming},
  journal = {Journal of Web Semantics},
  year = 2013,
}

@inproceedings{IseleJentzschBizer2010,
  author = {Robert Isele and Anja Jentzsch and Christian Bizer},
  title = {Silk Server---Adding missing Links while consuming Linked Data},
  booktitle = {1st International Workshop on Consuming Linked Data (COLD~2010), Shanghai, China},
  conf = {COLD~2010},
  year = 2010,
}

@inproceedings{JainHitzlerShethVermaYeh2010,
 author = {Prateek Jain and Pascal Hitzler and Amit P. Sheth and Kunal Verma and Peter Z. Yeh},
 title = {Ontology alignment for linked open data},
 booktitle = {Proceedings of the 9th international semantic web conference on The semantic web,
   Part I, ISWC'10, Shanghai, China},
 conf = {ISWC~2010},
 year = 2010,
 publisher = {Springer},
 address = {Berlin},
 pages = {402--417},
}

@inproceedings{JainYehVermaVasquezDamovaHitzlerSheth2011,
 author = {Prateek Jain and Peter Z. Yeh and Kunal Verma and Reymonrod G. Vasquez
  and Mariana Damova and Pascal Hitzler and Amit P. Sheth},
 title = {Contextual Ontology Alignment of {LOD} with an Upper Ontology: A case study with Proton},
 booktitle = {Proceedings of the 8th extended semantic web conference on The semantic web:
  research and applications, Part I, ESWC'11, Heraklion, Crete, Greece},
 conf = {ESWC~2011},
 year = 2011,
 publisher = {Springer},
 address = {Berlin},
 pages = {80--92},
}

@inproceedings{KieferBernsteinLocher2008,
  author = {Christoph Kiefer and Abraham Bernstein and Andr\'{e} Locher},
  title = {Adding Data Mining Support to {SPARQL} via Statistical Relational Learning Methods},
  booktitle = {Proceedings of the 5th European Semantic Web Conference (ESWC)},
  conf = {ESWC~2008},
  year = 2008,
  series = {Lecture Notes in Computer Science},
  volume = 5021,
  publisher = {Springer},
  address = {Berlin},
  pages = {478--492},
}

@inproceedings{KontokostasWestphalAuerHellmannLehmannCornelissen2014,
  author = {Dimitris Kontokostas and Patrick Westphal and S\"oren Auer and
    Sebastian Hellmann and Jens Lehmann and Roland Cornelissen and Amrapali Zaveri},
  title = {Test-driven Evaluation of Linked Data Quality},
  booktitle = {Proceedings of the 23rd International Conference on World Wide Web},
  location = {Seoul, Korea},
  conf = {WWW '14},
  publisher = {International World Wide Web Conferences Steering Committee},
  address = {Geneva, Switzerland},
  year = 2014,
  pages = {747--758},
  doi = {10.1145/2566486.2568002},
}

@book{Kuhn1962,
  author = {Thomas Kuhn},
  title = {The Structure of Scientific Revolutions},
  address = {Chicago},
  publisher = {The University of Chicago Press},
  year = 1962,
}

@book{Lakatos1976,
  author = {Imre Lakatos},
  title = {Proofs and Refutations},
  address = {Cambridge},
  publisher = {Cambridge University Press},
  year = 1976,
}

@book{Lakoff1987,
  author = {George Lakoff},
  title = {Women, Fire, and Dangerous Things},
  publisher = {University Of Chicago Press},
  address = {Chicago},
  year = 1987,
}

@book{LavracDzeroski1994,
  author = {Nada Lavra\v{c} and Sa\v{s}o D\v{z}eroski},
  title = {Inductive Logic Programming: Techniques and Applications},
  publisher = {Ellis Horwood},
  address = {New York},
  year = 1994,
}

@article{Lehmann2009,
  author    = {Jens Lehmann},
  title     = {{DL-Learner}: Learning Concepts in Description Logics},
  journal   = {Journal of Machine Learning Research},
  volume    = 10,
  year      = 2009,
  pages     = {2639--2642},
}

@book{LehmannVoelker2014,
  editor = {Jens Lehmann and Johanna V\"olker},
  title = {Perspectives on Ontology Learning},
  series = {Studies on the Semantic Web},
  volume = 18,
  publisher = {IOS Press},
  address = {Amsterdam},
  year = 2014,
  doi = {10.3233/978-1-61499-379-7-i},
}

@article{LukasiewiczStraccia2008,
  author = {Thomas Lukasiewicz and Umberto Straccia},
  title = {Managing uncertainty and vagueness in description logics for the Semantic Web},
  journal = {Journal of Web Semantics},
  volume = 6,
  number = 4,
  month = {November},
  year = 2008,
  pages = {291--308},
  doi = {10.1016/j.websem.2008.04.001},
}

@inproceedings{MaGaoWuQi2014,
  author    = {Yanfang Ma and
               Huan Gao and
               Tianxing Wu and
               Guilin Qi},
  editor    = {Dongyan Zhao and
               Jianfeng Du and
               Haofen Wang and
               Peng Wang and
               Donghong Ji and
               Jeff Z. Pan},
  title     = {Learning Disjointness Axioms With Association Rule Mining and Its
               Application to Inconsistency Detection of Linked Data},
  booktitle = {The Semantic Web and Web Science - 8th Chinese Conference, {CSWS}
               2014, Wuhan, China, August 8-12, 2014, Revised Selected Papers},
  series    = {Communications in Computer and Information Science},
  volume    = 480,
  pages     = {29--41},
  publisher = {Springer},
  year      = 2014,
  doi       = {10.1007/978-3-662-45495-4_3},
}

@article{MaedcheStaab2001,
  author    = {Alexander Maedche and Steffen Staab},
  title     = {Ontology Learning for the Semantic Web},
  journal   = {{IEEE} Intelligent Systems},
  volume    = 16,
  number    = 2,
  pages     = {72--79},
  year      = 2001,
  doi = {10.1109/5254.920602},
}

@incollection{MaedcheStaab2004,
  author    = {Alexander Maedche and
               Steffen Staab},
  title     = {Ontology Learning},
  booktitle = {Handbook on Ontologies},
  publisher = {Springer},
  address = {Berlin},
  series    = {International Handbooks on Information Systems},
  year      = 2004,
  pages     = {173--190},
  isbn      = {3-540-40834-7},
}

@inproceedings{MaedcheZacharias2002,
  author    = {Alexander Maedche and
               Valentin Zacharias},
  title     = {Clustering Ontology-Based Metadata in the Semantic Web},
  booktitle = {Principles of Data Mining and Knowledge Discovery, 6th European
               Conference, PKDD 2002, Helsinki, Finland, August 19-23,
               2002, Proceedings},
  conf = {PKDD 2002},
  editor    = {Tapio Elomaa and
               Heikki Mannila and
               Hannu Toivonen},
  publisher = {Springer},
  address = {Berlin},
  series    = {Lecture Notes in Computer Science},
  volume    = 2431,
  year      = 2002,
  pages     = {348--360},
  isbn      = {3-540-44037-2},
}

@inproceedings{MalchiodiPedrycz2013,
  author    = {Dario Malchiodi and Witold Pedrycz},
  editor    = {Francesco Masulli and Gabriella Pasi and Ronald R. Yager},
  title     = {Learning Membership Functions for Fuzzy Sets through Modified Support
               Vector Clustering},
  booktitle = {Fuzzy Logic and Applications - 10th International Workshop, {WILF}
               2013, Genoa, Italy, November 19-22, 2013. Proceedings},
  series    = {Lecture Notes in Computer Science},
  volume    = 8256,
  pages     = {52--59},
  publisher = {Springer},
  year      = 2013,
}

@inproceedings{Marginean2003,
  author    = {Flaviu Adrian M\u{a}rginean},
  title     = {Facts and Fallacies in Using Genetic Algorithms for Learning
               Clauses in First-Order Logic},
  editor = {Erick {Cant{\'u}-Paz \emph{et al.}}},
  booktitle = {Genetic and Evolutionary Computation - GECCO 2003, Genetic
               and Evolutionary Computation Conference, Chicago, IL, USA,
               July 12-16, 2003. Proceedings, Part I},
  conf = {GECCO~2003},
  publisher = {Springer},
  series    = {Lecture Notes in Computer Science},
  volume    = 2723,
  year      = 2003,
  pages     = {1184--1195},
}

@inproceedings{MartinezGilAlbaMontes2008,
  author    = {Jorge Mart\'{\i}nez Gil and
               Enrique Alba and
               Jos{\'e} Francisco Aldana Montes},
  title     = {Optimizing Ontology Alignments by Using Genetic Algorithms},
  booktitle = {Proceedings of the First International Workshop on Nature
               Inspired Reasoning for the Semantic Web, Karlsruhe, Germany,
               October 27, 2008},
  editor    = {Christophe Gu{\'e}ret and
               Pascal Hitzler and
               Stefan Schlobach},
  publisher = {CEUR-WS.org},
  series    = {CEUR Workshop Proceedings},
  volume    = 419,
  year      = 2008,
}

@inproceedings{MatentzogluBailParsia2013,
  author = {Nicolas Matentzoglu and Samantha Bail and Bijan Parsia},
  title = {A Snapshot of the {OWL} Web},
  booktitle = {The Semantic Web -- ISWC 2013},
  conf = {ISWC 2013},
  volume = 8218,
  series = {Lecture Notes in Computer Science},
  editor    = {Harith Alani and
               Lalana Kagal and
               Achille Fokoue and
               Paul T. Groth and
               Chris Biemann and
               Josiane Xavier Parreira and
               Lora Aroyo and
               Natasha F. Noy and
               Chris Welty and
               Krzysztof Janowicz},
  doi = {10.1007/978-3-642-41335-3_21},
  publisher = {Springer Berlin Heidelberg},
  pages = {331--346},
  year = 2013,
}

@inproceedings{MeilickeVoelkerStuckenschmidt2008,
  author    = {Christian Meilicke and
               Johanna V{\"{o}}lker and
               Heiner Stuckenschmidt},
  editor    = {Aldo Gangemi and
               J{\'{e}}r{\^{o}}me Euzenat},
  title     = {Learning Disjointness for Debugging Mappings between Lightweight Ontologies},
  booktitle = {Knowledge Engineering: Practice and Patterns, 16th International Conference,
               {EKAW} 2008, Acitrezza, Italy, September 29 - October 2, 2008. Proceedings},
  series    = {Lecture Notes in Computer Science},
  volume    = 5268,
  pages     = {93--108},
  publisher = {Springer},
  year      = 2008,
  doi       = {10.1007/978-3-540-87696-0_11},
}

@article{ILPat20,
  author = {S. Muggleton and L. {De Raedt} and D. Poole and
    I. Bratko and P. Flach and K. Inoue and A. Srinivasan},
  title = {{ILP} turns 20: Biography and future challenges},
  journal = {Machine Learning},
  volume = 86,
  pages = {3--23},
  year = 2012,
  doi = {10.1007/s10994-011-5259-2},
}

@techreport {ONeillHembergGilliganBartleyMcDermottBrabazon2008,
  title = {{GEVA} -- Grammatical Evolution in Java (v 1.0)},
  year = 2008,
  author = {Michael O'Neill and Erik Hemberg and Conor Gilligan and Eliott Bartley and James McDermott
    and  Anthony Brabazon},
  institution = {UCD School of Computer Science and Informatics},
  number = {UCD-CSI-2008-09},
}

@inproceedings{OrenGueretSchlobach2008,
  author    = {Eyal Oren and
               Christophe Gu{\'e}ret and
               Stefan Schlobach},
  title     = {Anytime Query Answering in {RDF} through Evolutionary Algorithms},
  booktitle = {The Semantic Web - ISWC 2008, 7th International Semantic
               Web Conference, ISWC 2008, Karlsruhe, Germany, October 26-30,
               2008. Proceedings},
  conf = {ISWC~2008},
  editor    = {Amit P. Sheth and
               Steffen Staab and
               Mike Dean and
               Massimo Paolucci and
               Diana Maynard and
               Timothy W. Finin and
               Krishnaprasad Thirunarayan},
  publisher = {Springer},
  address = {Berlin},
  series    = {Lecture Notes in Computer Science},
  volume    = 5318,
  year      = 2008,
  isbn      = {978-3-540-88563-4},
  pages     = {98--113},
}

@techreport{OWL2-direct-semantics,
  author = {Bernardo {Cuenca Grau} and Boris Motik and Peter {Patel-Schneider}},
  title = {{OWL} 2 Web Ontology Language Direct Semantics (Second Edition)},
  month =	{December},
  howpublished = {\url{http://www.w3.org/TR/2012/REC-owl2-direct-semantics-20121211/}},
  year = 2012,
  type = 	"{W3C} Recommendation",
  institution =  "W3C",
  url = {http://www.w3.org/TR/2012/REC-owl2-direct-semantics-20121211/},
}

@inproceedings{ParundekarKnoblockAmbite2012,
  author = {Rahul Parundekar and Craig A. Knoblock and Jos\'e Luis Ambite},
  title = {Discovering Concept Coverings in Ontologies of Linked Data Sources},
  editor    = {Philippe Cudr{\'e}-Mauroux and
               Jeff Heflin and
               Evren Sirin and
               Tania Tudorache and
               J{\'e}r{\^o}me Euzenat and
               Manfred Hauswirth and
               Josiane Xavier Parreira and
               Jim Hendler and
               Guus Schreiber and
               Abraham Bernstein and
               Eva Blomqvist},
  booktitle = {The Semantic Web - ISWC 2012 - 11th International Semantic
               Web Conference, Boston, MA, USA, November 11-15, 2012, Proceedings,
               Part I},
  conf = {ISWC~2012},
  publisher = {Springer},
  address = {Berlin},
  series    = {Lecture Notes in Computer Science},
  volume    = 7649,
  year      = 2012,
  isbn      = {978-3-642-35175-4},
  pages = {427--443},
}

@inproceedings{PaulheimBizer2013,
  author    = {Heiko Paulheim and Christian Bizer},
  title     = {Type Inference on Noisy {RDF} Data},
  editor    = {Harith Alani and
               Lalana Kagal and
               Achille Fokoue and
               Paul T. Groth and
               Chris Biemann and
               Josiane Xavier Parreira and
               Lora Aroyo and
               Natasha F. Noy and
               Chris Welty and
               Krzysztof Janowicz},
  booktitle = {The Semantic Web - ISWC 2013 - 12th International Semantic
               Web Conference, Sydney, NSW, Australia, October 21-25, 2013,
               Proceedings, Part I},
  conf = {ISWC~2013},
  year      = 2013,
  pages     = {510--525},
  publisher = {Springer},
  series    = {Lecture Notes in Computer Science},
  volume    = 8218,
}

@book{Popper1935,
  author = {Karl Popper},
  title = {Logik der Forschung},
  publisher = {Verlag von Julius Springer},
  address = {Vienna},
  year = 1935,
}

@book{Popper1972,
  author = {Karl Popper},
  title = {Objective Knowledge: An Evolutionary Approach},
  publisher = {Oxford University Press},
  address = {Oxford},
  year = 1972,
}

@inproceedings{PovedaSuarezGomez2012,
  author    = {Mar\'{\i}a Poveda-Villal{\'o}n and
               Mar\'{\i}a del Carmen Su{\'a}rez-Figueroa and
               Asunci{\'o}n G{\'o}mez-P{\'e}rez},
  title     = {Validating Ontologies with {OOPS}!},
  editor    = {Annette ten Teije and
               Johanna V{\"o}lker and
               Siegfried Handschuh and
               Heiner Stuckenschmidt and
               Mathieu d'Aquin and
               Andriy Nikolov and
               Nathalie Aussenac-Gilles and
               Nathalie Hernandez},
  booktitle = {Knowledge Engineering and Knowledge Management - 18th International
               Conference, EKAW 2012, Galway City, Ireland, October 8-12,
               2012. Proceedings},
  conf = {EKAW~2012},
  publisher = {Springer},
  series    = {Lecture Notes in Computer Science},
  volume    = 7603,
  year      = 2012,
  pages     = {267--281},
  doi       = {10.1007/978-3-642-33876-2_24},
}

@inproceedings{QiJiPanDu2010,
  author    = {Guilin Qi and Qiu Ji and Jeff Z. Pan and Jianfeng Du},
  editor    = {Lora Aroyo and
               Grigoris Antoniou and
               Eero Hyv{\"{o}}nen and
               Annette ten Teije and
               Heiner Stuckenschmidt and
               Liliana Cabral and
               Tania Tudorache},
  title     = {{PossDL} -- {A} Possibilistic {DL} Reasoner for Uncertainty Reasoning
               and Inconsistency Handling},
  booktitle = {The Semantic Web: Research and Applications, 7th Extended Semantic
               Web Conference, {ESWC} 2010, Heraklion, Crete, Greece, May 30 - June
               3, 2010, Proceedings, Part {II}},
  series    = {Lecture Notes in Computer Science},
  volume    = 6089,
  pages     = {416--420},
  publisher = {Springer},
  year      = 2010,
  doi       = {10.1007/978-3-642-13489-0_35},
}

@article{QiPanJi2011,
  author = {Guilin Qi and Qiu Ji and Jeff Z. Pan and Jianfeng Du},
  title = {Extending Description Logics with Uncertainty Reasoning in Possibilistic Logic},
  journal = {International Journal of Intelligent Systems},
  volume = 26,
  pages = {353--381},
  year = 2011,
  doi = {10.1002/int.20470},
}

@article{ReiserRiddle2001,
  author = {Philip G. K. Reiser and Patricia J. Riddle},
  title = {Scaling Up Inductive Logic Programming: An Evolutionary Wrapper Approach},
  journal = {Applied Intelligence},
  volume = 15,
  number = 3,
  pages = {181--197},
  year = 2001,
}

@inproceedings{SalvadoresEtAl2009,
  author = {Manuel Salvadores and Gianluca Correndo and Benedicto Rodriguez-Castro and
    Nicholas Gibbins and John Darlington and Nigel Shadbolt},
  title = {{LinksB2N}: Automatic Data Integration for the Semantic Web},
  booktitle = {International Conference on Ontologies, DataBases, and Applications of Semantics (ODBASE)},
  conf = {ODBASE~2009},
  year = 2009,
}

@article{SchefflerGoodman1972,
  author = {I. Scheffler and N. Goodman},
  title = {Selective Confirmation and the Ravens: A Reply to {Foster}},
  journal = {The Journal of Philosophy},
  volume = 69,
  number = 3,
  month = {Feb. 10},
  year = 1972,
  pages = {78--83},
}

@inproceedings{Schlobach2005,
  author    = {Stefan Schlobach},
  editor    = {Asunci{\'{o}}n G{\'{o}}mez{-}P{\'{e}}rez and
               J{\'{e}}r{\^{o}}me Euzenat},
  title     = {Debugging and Semantic Clarification by Pinpointing},
  booktitle = {The Semantic Web: Research and Applications, Second European Semantic
               Web Conference, {ESWC} 2005, Heraklion, Crete, Greece, May 29 - June
               1, 2005, Proceedings},
  series    = {Lecture Notes in Computer Science},
  volume    = 3532,
  pages     = {226--240},
  publisher = {Springer},
  year      = 2005,
  doi       = {10.1007/11431053_16},
}

@inproceedings{SirinTao2009,
  author = {Evren Sirin and Jiao Tao},
  title = {Towards Integrity Constraints in {OWL}},
  editor = {Rinke Hoekstra and Peter F. Patel-Schneider},
  booktitle = {Proceedings of the 5th International Workshop on OWL: Experiences
    and Directions (OWLED 2009), Chantilly, VA, United States, October 23--24, 2009},
  conf = {OWLED~2009},
  publisher = {CEUR-WS.org},
  series = {CEUR Workshop Proceedings},
  volume = 529,
  year = 2009,
  pages = {Article No.: 9},
}

@Book{Sowa2000,
    author = {John F. Sowa},
    title = {Knowledge Representation: Logical, Philosophical,
        and Computational Foundations},
    publisher = {Brooks/Cole},
    address = {Pacific Grove, CA},
    year = 2000,
}

@incollection{SpiliopoulosValarakosVouros2008,
  author = {V. Spiliopoulos and A. Valarakos and G. Vouros},
  title = {{CSR}: discovering subsumption relations for the alignment of ontologies},
  booktitle = {The Semantic Web: Research and Applications},
  pages = {418--431},
  publisher = {Springer},
  address = {Berlin},
  year = 2008,
}

@article{StummeHothoBerendt2006,
  author    = {Gerd Stumme and
               Andreas Hotho and
               Bettina Berendt},
  title     = {Semantic Web Mining: State of the art and future directions},
  journal   = {Journal of Web Semantics},
  volume    = 4,
  number    = 2,
  year      = 2006,
  pages     = {124--143},
}

@inproceedings{TamaddoniNezhadMuggleton2000,
  author    = {Alireza Tamaddoni-Nezhad and Stephen Muggleton},
  title     = {Searching the Subsumption Lattice by a Genetic Algorithm},
  editor    = {James Cussens and Alan M. Frisch},
  booktitle = {Inductive Logic Programming, 10th International Conference,
               ILP 2000, London, UK, July 24--27, 2000, Proceedings},
  conf = {ILP~2000},
  publisher = {Springer},
  series    = {Lecture Notes in Computer Science},
  volume    = 1866,
  year      = 2000,
  pages     = {243--252},
}

@inproceedings{TamaddoniNezhadMuggleton2002,
  author    = {Alireza Tamaddoni-Nezhad and Stephen Muggleton},
  title     = {A Genetic Algorithms Approach to {ILP}},
  editor    = {Stan Matwin and Claude Sammut},
  booktitle = {Inductive Logic Programming, 12th International Conference,
               ILP 2002, Sydney, Australia, July 9--11, 2002. Revised Papers},
  conf = {ILP~2002},
  publisher = {Springer},
  series    = {Lecture Notes in Computer Science},
  volume    = 2583,
  year      = 2002,
  pages     = {285--300},
}

@article{TamaddoniNezhadMuggleton2008,
  author    = {Stephen Muggleton and Alireza Tamaddoni-Nezhad},
  title     = {{QG/GA}: a stochastic search for Progol},
  journal   = {Machine Learning},
  volume    = 70,
  number    = {2-3},
  year      = 2008,
  pages     = {121--133},
}

@incollection{TartirBudakArpinarSheth2007,
  author = {Samir Tartir and Ismailcem {Budak Arpinar} and Amit P. Sheth},
  title = {Ontological Evaluation and Validation},
  editor = {Roberto Poli and Michael Healy and Achilles Kameas},
  booktitle = {Theory and Applications of Ontologies: Computer Applications},
  publisher = {Springer},
  year = 2010,
  pages = {115--130},
  doi = {10.1007/978-90-481-8847-5_5},
}

@inproceedings{TettamanziFaronZuckerGandon2014ekaw,
  author = {Andrea G. B. Tettamanzi and Catherine Faron-Zucker and Fabien L. Gandon},
  title = {Testing {OWL} Axioms Against {RDF} Facts: A possibilistic approach},
  editor    = {Krzysztof Janowicz and
               Stefan Schlobach and
               Patrick Lambrix and
               Eero Hyv\"{o}nen},
  booktitle = {Knowledge Engineering and Knowledge Management - 19th International
               Conference, {EKAW} 2014, Link{\"{o}}ping, Sweden, November 24-28,
               2014. Proceedings},
  conf = {EKAW~2014},
  publisher = {Springer},
  series = {Lecture Notes in Artificial Intelligence},
  volume = 8876,
  pages = {519--530},
  year = 2014,
  doi = {10.1007/978-3-319-13704-9_39},
}

@inproceedings{TettamanziFaronZuckerGandon2015kcap,
  author = {Andrea G. B. Tettamanzi and Catherine Faron-Zucker and Fabien Gandon},
  title = {Dynamically Time-Capped Possibilistic Testing of SubClassOf Axioms Against RDF Data to Enrich Schemas},
  editor = {Ken Barker and Jos\'e Manuel G\'omez-P\'erez},
  booktitle = {K-CAP 2015. Proceedings of the 8th International Conference on Knowledge Capture,
    Palisades, NY, USA, October 07--10, 2015},
  conf = {K-CAP~2015},
  publisher = {ACM},
  pages = {Article No.: 7},
  address = {New York},
  year = 2015,
  doi = {10.1145/2815833.2815835},
}

@InCollection{Thornton2013,
	author       =	{Thornton, Stephen},
	title        =	{{Karl Popper}},
	booktitle    =	{The Stanford Encyclopedia of Philosophy},
	editor       =	{Edward N. Zalta},
	howpublished =	{\url{http://plato.stanford.edu/archives/spr2013/entries/popper/}},
	publisher    =	{Stanford University},
	year         =	2013,
	edition      =	{Spring 2013},
}

@inproceedings{VoelkerNiepert2011,
  author    = {Johanna V{\"{o}}lker and
               Mathias Niepert},
  editor    = {Grigoris Antoniou and
               Marko Grobelnik and
               Elena Paslaru Bontas Simperl and
               Bijan Parsia and
               Dimitris Plexousakis and
               Pieter De Leenheer and
               Jeff Z. Pan},
  title     = {Statistical Schema Induction},
  booktitle = {The Semantic Web: Research and Applications - 8th Extended Semantic
               Web Conference, {ESWC} 2011, Heraklion, Crete, Greece, May 29-June
               2, 2011, Proceedings, Part {I}},
  series    = {Lecture Notes in Computer Science},
  volume    = 6643,
  pages     = {124--138},
  publisher = {Springer},
  year      = 2011,
  doi       = {10.1007/978-3-642-21034-1_9},
}

@inproceedings{VoelkerVrandecicSureHotho2007,
  author    = {Johanna V{\"{o}}lker and
               Denny Vrandecic and
               York Sure and
               Andreas Hotho},
  editor    = {Enrico Franconi and
               Michael Kifer and
               Wolfgang May},
  title     = {Learning Disjointness},
  booktitle = {The Semantic Web: Research and Applications, 4th European Semantic
               Web Conference, {ESWC} 2007, Innsbruck, Austria, June 3-7, 2007, Proceedings},
  series    = {Lecture Notes in Computer Science},
  volume    = 4519,
  pages     = {175--189},
  publisher = {Springer},
  year      = 2007,
  doi       = {10.1007/978-3-540-72667-8_14},
}

@inproceedings{WangDingJiang2006,
  author = {Junli Wang and Zhijun Ding and Changjun Jiang},
  title = {{GAOM}: Genetic Algorithm Based Ontology Matching},
  booktitle = {Services Computing, 2006. APSCC '06. IEEE Asia-Pacific Conference on},
  conf = {APSCC~'06},
  year = 2006,
  pages = {617--620},
}

@techreport{Winkler2006,
  author = {William E. Winkler},
  title = {Overview of record linkage and current research directions},
  institution = {Bureau of the Census},
  year = 2006,
}

@article{YuanLiuWuJinZhangLiu2013,
  author    = {Pingpeng Yuan and Pu Liu and Buwen Wu and Hai Jin and Wenya Zhang and Ling Liu},
  title     = {{TripleBit}: a Fast and Compact System for Large Scale {RDF} Data},
  journal   = {{PVLDB}},
  volume    = 6,
  number    = 7,
  pages     = {517--528},
  year      = 2013,
}

@article{Zadeh1965,
   author =  {L. A. Zadeh},
   title =   {Fuzzy Sets},
   journal = {Information and Control},
   volume =  8,
   pages =   {338--353},
   year =    1965,
}

@article{Zadeh1978,
   author =  {L. A. Zadeh},
   title =   {Fuzzy Sets as a Basis for a Theory of Possibility},
   journal = {Fuzzy Sets and Systems},
   volume =  1,
   pages =   {3--28},
   year =    1978,
}


